2294 2842
941 125 1316 166 -5,„..-

216 245 314 287 fert,
333 213 488 289 quorun
501 240 713 277 comen-cio
727 242 890 283 utamur,
914 239 1070 275 multum
1083 239 1188 273 etiam
1197 264 1208 282 ,
1221 226 1272 273 'id
1286 248 1357 283 quo
1370 237 1490 283 modo,
1516 248 1588 283 qua
1600 239 1731 274 mentis
1743 243 1781 274 et
1803 224 1910 297 animi
1927 242 2041 288 agit-a

215 310 314 346 tione
326 309 364 345 in
374 317 450 343 rem
470 310 625 345 noeman
639 308 899 341 convertamus.
946 302 1122 350 Fingatis,
1147 314 1291 351 quaeso,
1316 303 1531 350 cogitatione
1544 304 1674 340 Vestra
1684 304 1911 342 eruditorum
1924 308 2045 343 bomi--
2107 324 2118 330 ι

215 385 303 418 nun
314 377 459 409 coetum
470 374 538 419 qui
550 371 594 407 ad
602 376 744 417 tempus
759 372 866 407 docte
881 375 920 406 et
928 371 1086 407 luas-de
1093 370 1529 414 terendumeonvenerint,
1549 373 1587 404 et
1598 381 1660 405 nos
1675 373 1864 418 uunquid
1878 374 1951 407 erit
1962 385 2035 419 quo

215 438 444 481 attendamus
452 449 600 476 neeesse
613 439 674 484 sit,
690 444 732 474 ut
744 439 827 475 inde
838 437 1305 487 fructusadbumanitatem
1312 436 1544 484 &colendam
1556 435 1663 484 quam
1675 437 1848 484 plurimos
1860 441 2035 487 percipia-

214 509 325 543 mus?
336 524 391 535 ...-
409 504 588 543 videmus
599 507 655 541 ibi
668 506 778 540 aliurn
790 505 870 539 eliis
883 505 1015 551 ingenii
1029 504 1175 538 dotibus
1197 504 1381 539 artibusve
1401 508 1610 549 praestare,
1636 503 1800 540 audimus
1821 518 2033 552 sermonem,

214 566 327 611 v'ariaa
338 574 518 610 noscimus
537 572 598 609 res'
610 576 656 607 et
665 572 880 616 sententias,
900 582 1024 607 mores
1042 571 1301 616 conspicamur
1337 571 1455 607 Nunc
1478 583 1583 607 aures
1600 571 1746 607 allectat
1764 574 1836 608 oris
1854 574 2033 619 facundia,

214 649 285 687 qua
297 641 380 685 qai·
398 639 581 684 expedite,
608 639 823 682 commode,
832 638 1047 681 emendate,-
1071 638 1271 683 perspicuis
1292 642 1342 674 e't
1347 638 1571 683 elegantibus
1590 640 1709 689 verbis
1728 639 1908 684 loquitur3
1939 642 2035 677 alius

213 707 381 743 untionis
392 716 524 753 genere
542 705 698 749 fervido,
724 704 911 751 grummo,
937 705 1160 747 luminibus,
1168 705 1361 749 leporibus
1377 700 1500 739 ornato
1512 705 1667 739 animum
1682 710 1798 740 movet
1811 710 1849 740 et
1863 712 2033 752 occupat3
2035 727 2040 730 -

213 783 309 808 nunc
326 771 585 807 sententiarum
598 770 854 805 sublimitatem
868 770 925 804 vel
943 771 1170 815 ubertatem,
1195 765 1321 806 iudicii
1336 781 1503 814 acumen,
1529 764 1710 806 doctrinae
1724 772 1853 817 copias,
1878 772 2034 818 pruden-

212 842 288 875 tiae
300 840 415 874 multo
427 849 549 872 rerum
562 848 634 871 usu
648 842 792 882 paratae
808 823 1056 880 praestantiam
1073 839 1300 872 admiramur.
1349 839 1453 872 Alius
1476 838 1692 885 disputatio
1690 850 1812 872 rerum
1834 840 2032 875 divinarum

212 909 253 941 et
263 906 497 944 humanarum
510 902 637 939 subtili
651 902 860 949 cognitione,
885 901 945 946 pie
958 902 1086 945 sensis,
1112 904 1339 940 consiliorum
1354 903 1536 948 sapientia
1540 906 1578 937 et
1589 903 1766 948 probitate
1781 892 2032 943 verecundiam

210 969 354 1004 incutit
364 970 606 1003 audientibus.
645 969 771 1013 Neque
785 968 957 1001 decorum
969 969 1064 1012 quod
1076 962 1221 1003 elucet·
1209 979 1247 1002 ln
1259 971 1342 1013 vita,
1367 979 1505 1003 morum
1518 969 1693 1013 elegantia
1705 973 1743 1002 et
1760 970 1923 1015 dignitas,
1949 982 2031 1006 con-

210 1035 416 1072 suetudinis
428 1034 582 1069 facilitas
597 1037 635 1069 et
648 1029 821 1070 modestia
832 1045 896 1069 uos
909 1033 1159 1079 praetereunt,
1185 1036 1272 1080 quin
1285 1036 1330 1070 iis
1342 1035 1465 1070 oeulos
1478 1035 1705 1079 animumque
1719 1039 1916 1080 pascamus.
1967 1037 2033 1073 Oc-

210 1101 326 1137 currit
341 1111 485 1147 quoque
498 1099 679 1134 interdum
692 1099 729 1134 in
743 1100 967 1134 sermonibus
988 1096 1085 1145 quod
1102 1110 1166 1137 uos
1184 1100 1359 1143 Cendat,
1391 1100 1488 1134 dicta
1505 1099 1600 1134 iaciu
1710 1111 1802 1146 quae
1821 1113 1890 1137 non
1909 1103 2031 1139 statim

208 1169 388 1214 liqueant,
413 1167 650 1211 proferuntur
665 1160 865 1200 sententiae
878 1167 1019 1210 'quibus
1045 1171 1200 1201 nostram
1225 1167 1430 1201 adscribere
1448 1170 1547 1200 vetet
1566 1170 1609 1200 v'e
1679 1168 1727 1202 tis
1747 1179 1814 1202 seu
1831 1169 2032 1204 honestatis

208 1244 337 1270 sensus
351 1232 456 1268 nobis
471 1232 603 1266 insitus
612 1256 622 1275 ,
649 1234 713 1267 aut
725 1242 817 1277 quae
829 1235 928 1266 certo
942 1232 1077 1267 iudicio
1088 1232 1276 1278 ponderari
1290 1232 1460 1275 debeant,
1486 1242 1532 1266 ne
1544 1232 1582 1267 iu
1593 1243 1736 1268 errores
1748 1233 1971 1270 inducamur.
1983 1254 2033 1262 —

208 1299 432 1344 Quidigitur
445 1300 579 1333 horum>
587 1302 645 1332 est
660 1298 755 1342 quod
769 1298 1005 1332 omittendum
1017 1300 1212 1342 putemus?
1235 1300 1402 1344 equidem
1414 1309 1460 1332 ne
1479 1298 1594 1331 uuum
1609 1299 1754 1342 quidem
1770 1309 1909 1334 censeo.
1942 1301 2033 1337 Nam

208 1366 290 1401 siin
302 1375 430 1400 vocum
446 1364 718 1410 dictionumque
732 1363 860 1398 decore
877 1370 915 1398 et
928 1364 1105 1399 suavitate
1114 1364 1227 1400 unice
1238 1364 1468 1406 haereamus,
1492 1358 1662 1408 loquaces
1674 1364 1824 1399 forsitan
1842 1366 2031 1403 verborum

207 1431 355 1477 opifices
372 1430 561 1465 evadamus
575 1431 655 1464 fieri
668 1432 800 1475 potest,
827 1432 865 1463 at
877 1428 1046 1464 destituti
1060 1440 1183 1465 rerum
1201 1420 1383 1475 apparatu,
1409 1428 1518 1472 unde,
1544 1428 1640 1474 quod
1653 1439 1742 1463 usus
1755 1430 1930 1475 postulet,
1953 1443 2033 1477 pro·

206 1509 304 1533 mere
319 1497 509 1542 possimus.
560 1497 623 1530 Sin
637 1497 709 1530 illis
723 1496 864 1530 omissis
877 1496 913 1529 in
926 1497 1037 1530 rebus
1050 1494 1119 1530 toti
1132 1487 1328 1538 versemur,
1344 1515 1389 1521 —
1404 1499 1448 1529 ut
1462 1496 1575 1529 simus
1589 1496 1683 1529 omni
1696 1496 1883 1531 literarum
1897 1502 1938 1532 et
1951 1499 2030 1533 doc-

207 1563 324 1598 trinae
337 1563 506 1597 varietate
520 1561 707 1604 instructi,
734 1564 852 1595 tamen
864 1560 1006 1596 dicendi
1020 1542 1262 1606 'tradendique
1281 1561 1454 1596 facultate
1472 1562 1678 1596 carentibus
1703 1561 1801 1598 iners
1821 1563 1890 1597 ista
1906 1574 2029 1599 rerum
2055 1566 2060 1567 ⁷

207 1628 422 1664 abundantia
443 1628 627 1673 stagnabit.
686 1627 886 1661 Sententiis
906 1631 1025 1662 autem
1043 1631 1081 1675 et
1102 1627 1327 1672 opinionibus
1341 1628 1477 1673 ‘passim
1496 1628 1769 1663 occurrentibus
1789 1629 1869 1673 qui,
1901 1632 2028 1675 utpote

206 1696 384 1731 clarorum
398 1696 582 1729 hominum
596 1694 814 1727 auctoritate
827 1694 1007 1735 subnixis,
1032 1694 1133 1727 nullo
1146 1693 1350 1726 discrimine
1361 1694 1455 1727 facto
1465 1719 1476 1735 ,
1505 1698 1640 1727 temere
1659 1693 1768 1727 fidem
1783 1694 1970 1738 habuerit,
1996 1697 2028 1732 is

205 1760 384 1805 levitaQ,
408 1760 636 1811 credulitatis
646 1762 685 1794 et
700 1758 805 1794 animi
819 1759 1048 1794 inconstantis
1066 1744 1369 1804 opprobrium‘vix
1390 1759 1551 1806 effugiet.
1601 1760 1691 1804 Quia
1708 1759 1864 1805 denique
1880 1772 2026 1808 negave-

204 1829 279 1870 rit,
299 1828 420 1870 illum,
446 1828 561 1872 qui'in
576 1827 761 1861 doctorum
774 1826 957 1860 hominum
972 1825 1234 1877 consuetudine
1248 1826 1362 1860 omnia
1377 1827 1446 1861 alia
1459 1826 1619 1861 cuiusvis
1632 1826 1773 1871 generis
1790 1827 1970 1870 praeclara
1987 1832 2043 1863 et=

205 1893 397 1928 laudabilia
410 1904 492 1929 cum
502 1881 729 1928 'observasset
740 1896 817 1927 tum
834 1892 903 1927 sibi
917 1891 1081 1926 studiose
1093 1891 1328 1942 informasset,
1344 1893 1451 1927 unius
1467 1896 1604 1927 tantum
1615 1892 1668 1926 rei
1680 1891 1916 1939 eiusdemque
1926 1904 2029 1941 prae-

204 1960 443 1995 stantissimae
458 1964 496 1993 et
509 1959 715 2004 primariae,
740 1959 881 2003 quaein
895 1968 1034 1992 morum
1046 1958 1252 2003 integritate
1273 1961 1311 1992 et
1329 1958 1578 2003 limpidissimo
1598 1967 1722 2000 eorum
1739 1958 1863 2003 fonte,
1887 1958 2027 1996 divinae

203 2026 367 2061 veritatis
378 2026 599 2070 virtutisque
614 2025 735 2060 studio
748 2025 864 2070 posita
878 2027 946 2066 est,
962 2023 1061 2058 nulla
1073 2024 1208 2058 ratione
1220 2024 1353 2068 habita,
1370 2036 1453 2059 eum
1467 2024 1626 2070 profecto
1638 2023 1722 2069 plus
1734 2014 1912 2060 defecisse
1920 2037 2026 2071 quam

204 2091 399 2136 profecisse
419 2095 457 2125 et
472 2103 491 2125 a
506 2102 588 2125 vera
600 2092 823 2125 humanitate
838 2090 977 2125 omnino
992 2090 1132 2134 expleta
1144 2090 1245 2135 longe
1258 2090 1451 2125 aberrasse.
1496 2090 1633 2126 Eodem
1647 2090 1751 2124 modo
1769 2101 1809 2124 se
1827 2091 1957 2136 habet,
1982 2096 2026 2126 ut

203 2157 293 2192 mihi
308 2157 454 2202 quidem
473 2158 635 2200 videtur,
660 2159 782 2193 nostra
804 2158 840 2192 in
861 2156 993 2192 scholis
1013 2157 1247 2199 conversatio,
1273 2157 1336 2200 ubi
1358 2158 1461 2203 quasi
1482 2157 1768 2193 doctissimorum
1787 2157 1969 2192 hominum
1987 2158 2026 2192 in

203 2226 310 2258 coetu
323 2222 508 2266 adsumus,
537 2234 646 2268 quum
665 2233 789 2257 eorum
803 2222 948 2268 scriptis
971 2232 1034 2257 nos
1053 2221 1282 2257 oblectemus.
1336 2223 1546 2267 Enimvero,
1578 2222 1871 2269 quemadmodum
1891 2222 2025 2258 adoles-

202 2300 305 2333 cens,
340 2290 496 2324 nondum
522 2290 759 2325 iudicio·satis
783 2290 902 2326 valens
925 2301 1042 2335 neque
1063 2289 1298 2335 intelligentia
1325 2294 1364 2324 et
1382 2300 1454 2325 usu
1480 2291 1727 2331 confirmatus,
1758 2299 1779 2322 e
1803 2274 2025 2325 consortione

202 2341 361 2402 quamvis
376 2356 556 2401 praeclara
570 2356 883 2401 patum‘utilitatis
898 2357 1032 2402 capiet,
1058 2355 1128 2391 nisi
1140 2354 1234 2389 adsit
1247 2355 1407 2400 prudeus
1421 2356 1556 2390 amicus
1568 2357 1718 2400 paterno
1730 2355 1845 2390 animo
1857 2366 1941 2391 eum
1956 2368 2024 2391 am-

200 2422 379 2466 plectens,
406 2422 468 2467 qui
488 2433 557 2457 nou
569 2433 750 2467 nunquam
760 2447 769 2464 ‚
796 2426 873 2457 tum
889 2424 968 2469 ipso
981 2423 1018 2456 in
1036 2421 1212 2457 consessu
1223 2425 1301 2455 tum
1313 2421 1513 2468 egredienti
1529 2433 1573 2456 ex
1588 2432 1629 2455 eo
1639 2446 1650 2464 ,
1675 2420 1736 2456 vel
1747 2431 1839 2465 quae
1853 2421 1891 2456 in
1903 2412 2024 2465 dispu-
