2294 2842
918 143 1293 181 ——4-—„

185 270 365 305 nunquam
383 268 455 294 non
474 258 535 305 pia
548 259 669 292 mente
687 254 839 291 colendi.
889 255 959 299 Qui
979 256 1052 298 vir,
1083 256 1122 290 in
1143 255 1202 290 his
1223 254 1350 290 castris
1370 252 1414 288 ad
1434 258 1664 293 senectutem
1680 259 1791 303 prope
1810 261 2015 303 provectus,
2068 253 2071 256 ’

183 328 372 372 postquam
394 334 462 369 per
469 317 754 372 quatuordecim
776 330 884 355 annos
908 330 1046 354 summa
1066 330 1148 355 cum
1177 319 1356 355 industria
1376 322 1414 353 et
1433 319 1668 366 dexteritate,
1707 332 1917 368 quamquam
1939 323 2018 358 sine
2053 357 2058 362 ,

184 403 312 438 pompa
327 394 367 425 et
380 374 559 435 strepitu,
579 387 696 423 rebus
709 386 844 420 nostris
860 387 1035 430 praefuit,
1059 387 1284 421 increscente
1298 385 1514 421 valetudinis
1532 388 1716 432 gravitate,
1742 399 1834 433 quae
1846 392 1924 423 erat
1938 389 2018 423 eius

184 458 377 500 modestia,
402 455 440 490 in
453 441 658 491 secuudum
673 453 793 488 locum
805 463 847 489 se
859 455 1060 497 receperat,
1086 463 1194 498 quem
1207 452 1322 487 locum
1335 462 1416 487 mox
1430 451 1569 489 viribus
1583 454 1852 501 denegantibus,
1878 462 2019 490 succes·

184 525 258 560 sori
272 523 379 560 modo.
389 520 534 556 laudato
555 519 744 555 concessit.
768 537 813 544 —
862 518 1052 553 Doctrinae
1070 519 1265 562 ambitum,
1299 529 1438 553 morum
1459 519 1723 565 integritatem,
1754 521 1901 555 virtutis
1919 530 2019 565 prae-

184 590 349 626 stantiam
361 591 401 623 et
416 588 461 623 de
474 587 662 622 literarum
675 585 807 621 studiis
822 584 1068 634 promerendis
1082 587 1190 632 atque
1204 585 1249 620 de
1264 584 1446 630 Gymnasii
1465 587 1581 620 nostri
1597 586 1685 622 flore
1705 587 1850 630 merita,
1875 585 2019 633 triginta

182 667 247 691 sex
260 665 432 690 annorum
447 654 562 698 spatio
576 652 774 694 cumulata,
798 651 897 686 haec
903 651 1019 686 omnh
1031 651 1147 698 dignis
1166 652 1334 686 laudibus
1350 651 1499 694 efferre,
1525 653 1640 687 animo
1666 653 1812 697 quidem
1827 664 1884 688 me
1896 651 2018 698 impel-

182 722 300 764 lente,
327 731 393 756 nec
407 720 504 755 vires
518 719 726 760 sufficiunt,
752 727 818 751 nec
831 716 944 751 huius
958 716 1129 762 temporis
1143 713 1216 760 est,
1247 721 1284 751 et
1298 728 1382 753 sane
1396 717 1536 783 egregia
1551 717 1683 763 ingenii
1697 710 1920 761 documenta,
1945 722 2017 753 tam

182 786 327 832 scriptis
348 788 490 820 exarata
515 795 618 829 quam
641 782 822 816 institutis
847 773 1069 816 scholasticis
1094 780 1312 817 salutaribus
1337 782 1520 827 deposita,
1558 790 1627 817 nec
1646 779 1734 817 non
1742 783 2015 828 permultorum,

182 854 316 899 quibus
336 852 523 895 disciplina
539 846 620 884 eius
632 849 707 883 frui
724 849 939 893 contigerat,
965 850 1112 893 pectore
1126 850 1330 891 recondita,
1355 850 1405 883 ita
1429 850 1646 893 loquuntur,
1664 854 1716 883 ‘ut
1734 861 1813 884 meo
1828 850 2016 894 praeconio

178 915 277 954 baud
288 916 481 962 indigeant.
516 915 600 951 Etsi
612 924 696 949 vero
703 913 877 950 Etzlerus
887 913 945 948 his
959 913 1131 959 proximis
1144 914 1245 952 anuis
1258 913 1403 966 scholae
1415 915 1566 982 negotiis
1581 914 1766 949 resolutus
1781 914 1928 950 honesto
1941 914 2016 950 otio

177 984 382 1023 fruebatur,
397 985 515 1014 tamen
532 980 735 1013 studiorum
750 980 903 1021 nomine,
928 980 1075 1013 virtutis
1089 980 1250 1024 exemplo
1264 984 1303 1013 et
1316 963 1568 1014 institutorum
1583 981 1679 1024 apud
1695 991 1757 1013 nos
1772 981 2014 1024 perpetuitate

179 1060 340 1094 semper,
366 1047 453 1081 dum
467 1046 626 1088 vivebat,
651 1048 775 1080 noster
796 1044 979 1089 putandus
999 1042 1098 1088 'ex-at,
1129 1045 1181 1079 its
1201 1048 1243 1079 ut
1264 1044 1344 1080 eius
1368 1057 1412 1081 ex
1435 1046 1510 1080 vita
1531 1044 1704 1080 decessus
1722 1042 1767 1078 ad
1787 1056 1850 1080 nos
1870 1056 2014 1093 quoque

178 1124 249 1148 non
263 1112 448 1159 pertinere
466 1112 548 1144 iure
559 1111 762 1180 “titoque
780 1120 848 1165 non
862 1101 1038 1154 potuer*-

272 1178 328 1213 lta
340 1177 479 1224 gemino
495 1176 575 1211 fere
595 1186 682 1211 casu
696 1159 867 1222 lugubri·
858 1187 889 1211 is
904 1175 1106 1211 officiorum
1118 1175 1221 1210 locus
1232 1176 1460 1212 vacuefactus
1476 1180 1548 1217 est,
1575 1188 1683 1222 quem
1695 1180 1738 1210 ut
1751 1179 1846 1211 nunc
1866 1188 1931 1222 ego
1942 1179 2013 1211 tra-

177 1244 256 1278 dito
270 1239 368 1278 more
380 1253 580 1288 capessam,
608 1242 676 1280 Dei
693 1240 866 1286 sapientia
885 1240 1089 1276 admiranda
1109 1240 1313 1286 vestraque
1331 1241 1466 1295 voluit,
1498 1242 1622 1277 Patres
1646 1242 1803 1277 civitatis
1825 1242 2012 1287 huiusque

177 1309 360 1354 Gymnasii
368 1306 556 1344 Praesides
563 1309 796 1352 Amplissimi‚
824 1308 1015 1353 singularis
1029 1317 1112 1352 erga
1126 1316 1183 1341 me
1197 1308 1454 1342 benevolentia.
1484 1309 1705 1353 thuamvis
1718 1309 1890 1343 audacius
1904 1318 2009 1353 quam

176 1375 300 1409 verius
315 1374 453 1408 dictum
468 1376 586 1416 esset,
611 1373 643 1408 si
661 1372 869 1418 profiterer:

577 1464 602 1481 „
612 1439 707 1472 Sunt
719 1439 829 1481 mihi,
855 1448 947 1481 quae
961 1437 1101 1471 valeant
1113 1438 1150 1472 in
1171 1438 1255 1472 talia
1267 1439 1443 1484 pondera,
1469 1440 1613 1482 vires;“

179 1506 248 1541 hoc
262 1505 380 1541 tamen
393 1505 534 1540 sincere
548 1515 649 1539 mens
664 1515 742 1539 mea
752 1515 809 1539 me
825 1504 926 1537 iubet
940 1503 1148 1538 adfirmare:

620 1571 723 1614 „Est
740 1570 879 1604 animus
894 1569 1046 1605 Vestros
1059 1574 1163 1605 certe
1178 1580 1355 1605 sensurus
1368 1570 1567 1605 honores.‘⁴
1591 1584 1594 1586 ’

268 1636 359 1671 Nam
383 1635 565 1680 profecto,
600 1640 657 1670 est
676 1635 765 1687 mihi
786 1635 926 1669 animus
946 1638 986 1668 et
1011 1635 1213 1679 voluntas„
1231 1637 1385 1672 Vestrae
1403 1636 1665 1681 omniumques
1683 1646 1836 1681 quorum
1855 1635 2008 1671 interest

172 1702 315 1738 scholae
331 1706 473 1737 nostrae
488 1685 582 1736 salva
597 1702 755 1737 conditio
768 1705 805 1735 et
819 1701 949 1744 decus,
976 1705 1152 1745 quantum
1164 1702 1260 1736 vires
1276 1700 1431 1745 valeant,
1460 1703 1606 1737 Deo-eas
1626 1705 1875 1747 prosperante,
1907 1703 2006 1737 sati·-

169 1768 290 1803 facere
303 1770 341 1802 et
354 1768 586 1813 postulationi
601 1778 738 1814 aequae
752 1771 790 1802 et
804 1767 1076 1813 exspectationi.
1128 1767 1181 1803 Ut
1193 1771 1331 1812 autem,
1358 1780 1429 1815 qua
1442 1769 1669 1816 potissimum
1683 1769 1738 1802 via
1751 1779 1791 1802 ac
1813 1767 1950 1804 ratione
1969 1768 2005 1803 in

171 1835 363 1869 iuventute
381 1836 424 1870 ad
437 1836 698 1869 humanitatem
714 1854 756 1861 -
772 1835 834 1879 qui
850 1838 908 1869 est
924 1834 1129 1868 studiorum
1144 1838 1300 1870 omnium
1314 1840 1516 1871 nostrorum
1531 1837 1613 1870 finis
1626 1835 1831 1880 propositus
1847 1853 1895 1861 —
1905 1839 2004 1870 recte

167 1899 415 1936 conformanda
430 1885 493 1935 ⁴vel
517 1900 710 1946 hucusque
730 1911 822 1935 usus
838 1900 907 1935 sim
920 1899 977 1933 vel
990 1900 1167 1945 utendum
1180 1901 1400 1946 existimem,
1426 1901 1577 1948 imagine
1594 1901 1694 1946 quasi
1708 1900 1918 1935 adumbrata
1929 1911 2003 1936 cer·

166 1966 279 2002 natis:
303 1967 532 2018 oratIunculs
541 1973 562 2009 ,’
578 1967 729 2012 quaede
743 1967 801 2001 his
815 1966 965 2001 sentiam
977 1991 988 2009 ‚
1011 1966 1256 2001 demonstrare
1268 1968 1517 2011 periclitabor,
1537 1968 1639 2002 venia
1653 1967 1783 2002 Vestra
1796 1966 1980 2001 dicturusz

409 2033 470 2068 De
501 2036 705 2068 veterum
739 2033 1014 2077 scriptorum
1047 2033 1436 2078 interpretatione
1467 2034 1513 2068 in
1539 2031 1813 2080 Gymnasiis*
1827 2031 1892 2066 ita
1921 2031 2003 2067 fac-

404 2087 611 2141 tit-uda(
628 2103 676 2133 ut
700 2099 753 2133 ad
777 2099 958 2133 divinae
987 2100 1194 2134 veritatis
1218 2100 1505 2143 virtutisque
1530 2108 1710 2134 sensum
1723 2107 1781 2132 ⁴ac
1806 2097 2001 2133 studium

406 2164 748 2203 conformentur
772 2165 983 2201 iuvenum
1016 2165 1160 2201 animi.
1577 2198 1586 2202 -

259 2228 317 2263 Ad
336 2240 429 2274 quae
455 2230 618 2276 benignis
641 2230 791 2264 auribus
811 2231 1017 2276 accipienda
1035 2232 1200 2268 Vestram
1211 2255 1222 2274 ‚
1247 2231 1326 2267 Viri
1340 2231 1559 2276 Amplissimi
1568 2255 1578 2273 ‚
1607 2229 1830 2272 Doctissimi‚
1854 2229 2000 2275 gratiam

163 2299 203 2330 et
214 2294 473 2341 indulgentiam
489 2295 653 2330 studiose
671 2306 791 2346 eroto-
1666 2304 1671 2308 '

254 2359 424 2410 Erudiri,
450 2360 649 2397 Auditores
660 2388 670 2405 ,
695 2361 766 2398 nisi
781 2361 825 2410 ab
839 2362 1006 2407 eruditis,
1032 2363 1194 2399 homines
1207 2374 1275 2399 non
1287 2374 1404 2409 posse,
1431 2364 1528 2398 inter
1542 2373 1662 2398 omnes
1678 2364 1836 2404 constat,
1863 2364 1901 2396 et
1915 2372 1999 2407 qua-

157 2425 213 2462 les
231 2426 324 2470 sint,
349 2437 439 2472 quos
458 2426 570 2462 duces
585 2438 782 2473 sequamur
791 2452 802 2471 ‚
828 2429 919 2463 tales
947 2430 1062 2465 ferme
1083 2430 1179 2474 ipsos
1199 2430 1279 2464 fieri
1300 2430 1483 2474 probabile
1506 2432 1575 2464 est.
1625 2419 1784 2464 Multum
1806 2428 1919 2473 igitur
1944 2440 1998 2468 re-
