2294 2842
924 164 1299 206 ...9-

293 283 447 320 natant
458 278 572 327 igitur
584 276 789 314 sccuratius
802 274 985 314 interdum
999 275 1247 314 considerandi
1259 275 1437 313 eiusmodi
1447 278 1586 320 tantum
1596 275 1685 322 loci,
1708 282 1806 322 tum,
1828 279 1869 314 in
1881 280 2013 325 quibus

197 351 294 386 inest
306 347 453 394 quidem
461 349 530 394 put
541 356 626 381 vers
636 348 675 380 et
686 345 837 380 honesta
852 333 1032 379 sententia
1048 346 1113 378 aut
1126 353 1274 378 erronea
1290 347 1330 378 et
1341 341 1456 387 noxis,
1465 342 1537 378 ‘sed
1551 344 1662 387 paulo
1671 344 1789 398 latens
1801 346 1858 379 vel
1871 356 1938 381 non
1953 348 2014 383 de·

197 414 303 452 nait·
315 412 403 450 satis
417 412 621 455 enuncists,
642 410 689 445 de
704 421 777 456 qua
787 409 858 446 nisi
869 408 1213 450 animadverteretur
1223 408 1416 445 dolendum
1422 412 1538 450 essen
1559 411 1638 444 tum
1650 408 1724 458 alfl,
1747 411 1786 447 ia
1797 412 2015 457 qnibns‘dic·

195 483 277 516 tum
289 479 347 516 vel
358 479 492 514 factum
505 476 666 523 aliquod,
691 475 911 512 laudandum
920 487 965 513 sn
974 475 1250 523 vituperandum
1263 475 1329 519 sit,
1354 475 1469 520 primo
1480 475 1606 510 intutu
1618 474 1819 520 dubitatum
1842 477 1904 513 alii
1916 478 2013 514 deni·

194 553 280 596 qm
281 545 372 588 loci,
397 554 557 589 quorum
567 553 697 579 sensus
710 541 859 587 quidem
871 542 967 588 ,stis
975 545 1092 586 patet,
1116 551 1235 587 neque
1247 551 1335 576 num
1349 541 1490 586 probari
1504 541 1633 578 debeat
1644 552 1711 577 nec
1726 553 1789 586 ne,
1813 544 1851 578 in
1875 544 2013 585 incerto

195 611 382 653 relicta-n
407 607 473 646 sed
498 608 650 655 gravitas
673 606 876 643 sententiae
893 607 1001 653 paulo
1017 607 1143 643 ‹lm-ior
1161 610 1200 642 et
1217 618 1238 643 s
1253 606 1422 643 iuvenilis
1443 607 1571 642 aetatis
1590 607 1732 654 ingenio
1750 610 1921 646 remotior
1940 614 2011 654 est,

195 686 290 723 quae
300 675 470 724 ambabus
483 674 647 710 manibus
662 672 864 717 excipiatur
877 672 967 708 etin
981 672 1096 708 altum
1117 672 1327 716 descendat,
1352 676 1423 707 ant
1429 683 1515 708 vero
1530 683 1631 708 error
1644 674 1836 719 csptiosior
1851 678 1889 708 et
1906 676 2010 712 nimis

194 742 347 778 auribus
359 740 566 783 blandiens,
591 739 643 775 ita
661 742 724 781 ut,
746 749 793 774 ne
805 737 1016 775 incautioris
1034 738 1143 775 animi
1157 734 1326 775 inventus
1345 739 1546 785 decipiatur
1563 742 1604 775 et
1622 739 1830 777 detrimenti
1850 741 1940 787 quid
1956 752 2012 778 ca-

196 809 290 852 piat,
315 807 548 842 vehementer
560 804 762 840 timendum
774 806 884 839 esset.

291 902 371 945 Sic,
397 904 441 936 nt
454 898 626 946 exemplis
645 902 748 944 utar,
771 898 808 936 JV
809 900 897 935 enia'
906 891 1037 936 Vestra
1053 900 1265 944 Auditores,
1291 899 1442 946 singulis
1464 902 1605 935 tantum
1622 899 1680 935 vel
1698 900 1793 936 binis
1811 901 1855 935 sd
1873 902 2013 948 singula

197 967 433 1013 formularum
446 977 535 1012 quas
553 966 657 1001 modo
670 964 850 1011 designavi
861 963 1007 1011 genera,
1033 964 1153 1011 lisque
1167 977 1211 1000 ex
1223 977 1295 1001 uno
1307 966 1387 1000 fere
1406 953 1582 1012 scriptore
1600 965 1796 1002 desumtis:
1823 967 1938 1002 menti
1952 967 2013 1002 ob·

203 1037 394 1070 versantur
405 1032 523 1069 Taciti
534 1033 642 1068 verbs
658 1042 750 1077 quae
763 1031 800 1067 in
813 1030 1003 1068 Amulium
1019 1030 1111 1067 h'bro
1131 1031 1182 1068 Vl
1199 1028 1293 1082 (22)
1311 1031 1539 1078 leguntur,
1541 1031 1635 1077 ,Sed
1653 1032 1743 1068 milii
1762 1032 1851 1068 haec
1869 1045 1909 1068 ac
1927 1034 2013 1068 talia

196 1099 381 1134 audienti'
368 1110 407 1151 ‚¹¹¹
421 1098 559 1133 incerto
572 1098 748 1132 iudicium
762 1100 833 1141 est,
857 1097 976 1131 fatone
988 1107 1047 1132 res
1061 1098 1264 1138 mortalium
1278 1101 1316 1133 et
1328 1099 1541 1133 necessitate
1555 1098 1769 1133 immutabili
1781 1109 1824 1133 an
1835 1098 1928 1133 forte
1943 1098 2015 1133 vol-

195 1168 335 1200 vuntur.
384 1164 527 1209 Quippe
540 1163 822 1218 sapientissimos
839 1165 1016 1206 veterum,
1040 1162 1177 1208 quique
1189 1167 1323 1198 sectam
1337 1174 1461 1198 eorum
1473 1164 1715 1207 aemulantur,
1740 1160 1900 1198 divers'os
1912 1174 2015 1210 repe-

195 1230 285 1272 rias,
311 1240 350 1264 ac
362 1228 488 1263 multis
500 1228 642 1262 insitam
657 1228 877 1273 opinionem,
895 1237 972 1261 non
985 1227 1088 1262 initia
1100 1228 1238 1271 nostri,
1261 1237 1331 1262 non
1345 1227 1470 1271 finem,
1495 1238 1564 1263 non
1586 1229 1740 1275 denique
1760 1229 1923 1264 homines
1943 1229 2013 1265 diis

197 1305 319 1330 curae.
332 1294 415 1329 ideo
434 1294 650 1328 creberrima
668 1295 707 1327 et
718 1286 837 1334 tras
853 1291 893 1327 ln
904 1292 1034 1336 bonos,
1057 1292 1153 1328 laeta
1165 1292 1260 1337 apud
1272 1292 1470 1328 deteriores
1489 1296 1614 1330 esse.“
1658 1294 1882 1329 Pei-similem
1904 1296 2014 1329 tertio

197 1359 388 1397 Annalium
402 1358 494 1393 libro
505 1355 598 1408 (55)
611 1357 763 1404 legimus
774 1357 867 1392 hanc
882 1357 963 1392 eius
972 1357 1191 1404 opinionem:
1224 1357 1337 1402 „Nisi
1351 1357 1446 1393 forte
1460 1358 1571 1394 rebus
1588 1359 1732 1394 cunctis
1748 1359 1844 1395 inest
1867 1342 2012 1406 qnidam

196 1426 299 1461 velut
312 1426 428 1468 orbis,
454 1429 498 1459 ut
518 1423 813 1469 quemadmodum
828 1426 1031 1468 temporum
1048 1424 1145 1458 vices
1158 1423 1210 1456 ita
1221 1433 1359 1457 morum
1382 1426 1617 1459 vertantur-'⁶‘
1637 1443 1686 1451 -
1733 1425 1874 1460 Horum
1893 1427 2015 1460 verbo-

198 1502 281 1528 rum
301 1490 588 1536 interpretationi
601 1489 674 1525 tale
693 1489 772 1525 fere
797 1488 993 1535 alloquium
1006 1488 1259 1525 anacteum:
1287 1487 1448 1535 Videtis,
1473 1490 1639 1535 invenes,
1671 1502 1776 1537 quam
1795 1478 1956 1529 incertus
1976 1498 2014 1528 et

197 1558 333 1592 dubius
347 1560 489 1599 auctor,
515 1555 727 1600 ceteroquin
738 1556 798 1590 sui
810 1554 981 1600 temporis
995 1553 1100 1589 facile
1114 1554 1413 1601 sapientissimus,
1436 1567 1575 1591 morum
1588 1560 1628 1591 et
1643 1567 1765 1592 rerum
1777 1552 2022 1592 humansrum

196 1623 429 1669 investigator
439 1620 789 1667 perspicacissimus,
826 1620 981 1667 pendeat
998 1621 1096 1656 inter
1113 1621 1251 1656 firmam
1270 1621 1408 1656 divinae
1425 1614 1668 1667 providentiae
1687 1620 1955 1670 persuasionem
1975 1629 2013 1658 et

197 1698 321 1724 rerum
334 1684 371 1723 in
382 1686 549 1722 fortunae
560 1686 764 1722 temeritate
776 1685 974 1732 positarum
985 1696 1107 1721 vanam
1120 1683 1332 1731 opinionem,
1346 1686 1406 1721 cui
1417 1688 1626 1733 propensior
1636 1692 1737 1723 certe
1750 1688 1904 1723 videtur.
1946 1687 2012 1723 Fe-

199 1756 288 1789 lices
297 1748 383 1797 nos,
409 1754 473 1798 qui
489 1748 559 1787 'Dei
571 1753 704 1798 gratia,
729 1752 916 1786 literarum
930 1750 1111 1786 sacraru'm
1122 1761 1189 1795 ope
1210 1751 1401 1785 certissimi
1419 1752 1506 1785 facti
1523 1751 1654 1788 simus:
1685 1763 1783 1796 eum,
1813 1763 1880 1797 per
1901 1753 2010 1797 quem

199 1801 367 1855 universa
377 1822 416 1854 et
426 1815 566 1865 singula
574 1820 740 1861 exstant,
766 1816 891 1853 eadem
908 1815 1025 1861 omnis
1036 1819 1075 1852 et
1091 1816 1186 1852 scire
1205 1819 1245 1852 et
1255 1817 1466 1863 gubernare.
1513 1819 1588 1862 An,
1612 1818 1841 1864 perpendite,
1866 1821 1931 1865 qui
1949 1832 2010 1855 au-

199 1896 276 1921 rem
287 1885 424 1931 puscit
436 1894 504 1919 non
519 1883 669 1919 audiet?
693 1883 757 1928 qui
769 1882 915 1918 oculum
926 1881 1105 1926 formavit,
1121 1893 1192 1919 non
1203 1882 1351 1918 videat?
1370 1882 1409 1917 in
1424 1883 1530 1919 cuius
1545 1884 1706 1919 aedificio
1717 1884 2012 1922 artificiosissimo

140 1987 142 1989 ,
198 1950 424 1994 habitamus,
448 1949 481 1985 is
496 1960 581 1985 snos
593 1960 663 1984 non
675 1948 839 1984 noverit?
857 1947 960 1993 Quin
973 1948 1102 1994 capitis
1114 1949 1230 1985 nostri
1247 1948 1368 1994 capilli
1386 1960 1507 1984 omnes
1527 1950 1701 1984 numerati
1719 1954 1823 1995 sunt,
1847 1952 1938 1989 Jesu
1962 1954 2010 1988 af-

199 1991 381 2060 firmana,
406 2015 460 2050 ita
477 2018 520 2050 ut
532 2025 599 2050 nec
608 2014 692 2049 boni
705 2023 772 2049 nec
784 2013 869 2048 mali
880 2013 969 2059 quid
981 2013 1141 2050 accidere
1153 2014 1255 2050 nobis
1265 2014 1395 2061 possit,
1420 2015 1490 2050 nisi
1503 2013 1577 2050 Deo
1590 2015 1732 2051 volente
1743 2026 1812 2053 seu
1831 2010 2013 2066 sapienter

199 2081 430 2127 admittente,
454 2081 591 2127 iisque,
616 2080 682 2127 qui
698 2091 783 2116 eum
796 2082 938 2124 ament,
956 2080 1268 2117 omniaadlmnum
1281 2080 1480 2117 certissime
1498 2080 1696 2117 conferant!

292 2187 349 2223 Ex
360 2196 491 2233 genere
507 2197 631 2222 earum
641 2184 923 2230 sententiarum,
947 2184 994 2221 de
1011 2185 1164 2232 quibus,
1183 2195 1387 2223 numni-se
1403 2184 1494 2229 sint,
1517 2172 1591 2221 non
1606 2186 1727 2223 statim
1741 2187 1778 2223 in
1792 2192 1938 2233 peomtu
1951 2190 2010 2224 ha-

198 2254 287 2290 hent
298 2252 474 2288 iudicium
486 2252 727 2288 adolescentes
735 2278 747 2296 ,
771 2252 834 2287 ills
845 2255 923 2296 est,
948 2263 1040 2298 qnae
1051 2252 1181 2298 passim
1193 2252 1369 2295 occurrit,
1391 2251 1493 2288 velut
1505 2252 1745 2292 Historiarum
1756 2254 1848 2289 libro
1860 2256 1894 2290 11
1905 2254 2010 2303 (50).

199 2319 374 2364 Exposita
390 2318 502 2362 enim,
533 2329 606 2364 quo
630 2318 745 2353 animo
765 2318 1080 2364 Otho-Imperator
1096 2319 1203 2353 linem
1218 2316 1312 2352 vitoe
1336 2317 1408 2353 sibi
1428 2318 1612 2361 asciverit,
1643 2318 1733 2353 haec
1750 2307 1852 2355 addit
1869 2326 2011 2357 auctor:

159 2385 167 2391 “
200 2384 387 2429 „Duobus
398 2368 635 2428 facinoribus,
655 2384 773 2419 altero
785 2384 1080 2431 flagitiosissimo,
1104 2384 1217 2418 altero
1228 2384 1386 2429 egregio,
1412 2383 1627 2419 tantundem
1646 2386 1744 2429 apud
1762 2390 1924 2429 posteros
1940 2378 2030 2422 me-x

199 2450 277 2485 ruit
290 2451 401 2486 bonae
412 2449 524 2485 famae
535 2452 707 2494 quantum
719 2449 841 2485 malae.
851 2451 876 2470 ‘⁶
925 2449 1062 2494 Nempe
1074 2448 1256 2496 egregium
1267 2447 1406 2484 focinus
1424 2448 1597 2495 sppellat,
1623 2450 1719 2497 quod
1735 2455 1850 2487 morte
1866 2452 2010 2487 srbitrs·

184 2527 189 2532 .
994 2515 1012 2526 r
1503 2502 1527 2535 2
